<?xml version="1.0" encoding="UTF-8"?><collection xmlns="http://www.loc.gov/MARC21/slim"><record><leader>00322nam--2200121-i-4500</leader><controlfield tag="001">000050201</controlfield><controlfield tag="002">20161230</controlfield><controlfield tag="005">20161230201048</controlfield><controlfield tag="008">060222s1000------------r-----000-0-eng-d</controlfield><datafield ind1=" " ind2=" " tag="245"><subfield code="a">Uchebnoe posobie dliia sudovogo radiooperatora</subfield></datafield><datafield ind1=" " ind2=" " tag="260"><subfield code="a">Moskva, Morskoi Transport, 1952. 660 S</subfield></datafield><datafield ind1=" " ind2=" " tag="700"><subfield code="a">Bairashevskii,A.M</subfield></datafield><datafield ind1=" " ind2=" " tag="852"><subfield code="a">1981</subfield></datafield></record></collection>